<record xmlns="http://www.loc.gov/MARC21/slim" xmlns:xsi="http://www.w3.org/2001/XMLSchema-instance" xsi:schemaLocation="http://www.loc.gov/MARC21/slim http://www.loc.gov/standards/marcxml/schema/MARC21slim.xsd">

  <leader>00737nam a2200181Ia 4500</leader>
  <datafield ind2=" " tag="999" ind1=" ">
    <subfield code="c">2059</subfield>
    <subfield code="d">2059</subfield>
  </datafield>
  <controlfield tag="008">180829b2008    ck ||||| |||| 00| | spa d</controlfield>
  <datafield ind1=" " tag="090" ind2=" ">
    <subfield code="a">12.07.02 </subfield>
    <subfield code="b">2106</subfield>
  </datafield>
  <datafield ind2=" " tag="110" ind1=" ">
    <subfield code="a">Colombia. Ministerio de Educación Nacional. Consejo Nacional de Acreditación (CNA)</subfield>
    <subfield code="9">4164</subfield>
  </datafield>
  <datafield ind2="0" tag="245" ind1="1">
    <subfield code="a">Lineamientos para la acreditación de alta calidad de programas de maestría y doctorado / </subfield>
    <subfield code="c">Ministerio de Educación Nacional. Consejo Nacional de Acreditación</subfield>
  </datafield>
  <datafield ind1=" " ind2=" " tag="260">
    <subfield code="a">Bogotá : </subfield>
    <subfield code="b">El Ministerio, </subfield>
    <subfield code="c">2008</subfield>
  </datafield>
  <datafield ind1=" " tag="300" ind2=" ">
    <subfield code="a">80 páginas</subfield>
  </datafield>
  <datafield ind1="1" tag="650" ind2="4">
    <subfield code="a">NORMAS DE CALIDAD </subfield>
    <subfield code="9">4165</subfield>
  </datafield>
  <datafield ind2="4" tag="650" ind1="1">
    <subfield code="a">ACREDITACIÓN (EDUCACIÓN)</subfield>
    <subfield code="9">1135</subfield>
  </datafield>
  <datafield ind2="4" tag="650" ind1="1">
    <subfield code="a">SISTEMA DE ESTUDIOS DE POSGRADO</subfield>
    <subfield code="9">3984</subfield>
  </datafield>
  <datafield ind1="1" tag="650" ind2="4">
    <subfield code="a">EDUCACIÓN SUPERIOR</subfield>
    <subfield code="9">8</subfield>
  </datafield>
  <datafield tag="651" ind2="4" ind1="1">
    <subfield code="a">COLOMBIA</subfield>
    <subfield code="9">1349</subfield>
  </datafield>
  <datafield ind1=" " tag="942" ind2=" ">
    <subfield code="2">z</subfield>
    <subfield code="c">01</subfield>
  </datafield>
</record>